@book{daniel2007,
  author    = "Daniel P. Bovet and Marco Cesati",
  title     = "詳解 Linux カーネル第3版",
  publisher = "株式会社オライリー・ジャパン",
  year      = "2007"
}