@book{daniel2007,
  author    = "Daniel P. Bovet and Marco Cesati",
  title     = "詳解 Linux カーネル第3版",
  publisher = "株式会社オライリー・ジャパン",
  year      = "2007"
}

@webpage{slack,
  author       = "{Slack Technologies, Inc.}",
  title        = "Slack",
  organization = "Slack",
  url          = "https://slack.com/",
  refdate      = "2018-4-20"
}

@webpage{placesapi,
  author       = "{Google, Inc.}",
  title        = "Google Places API",
  organization = "Google",
  url          = "https://developers.google.com/places/",
  refdate      = "2018-4-20"
}