@book{daniel2007,
  author    = "Daniel P. Bovet and Marco Cesati",
  title     = "詳解 Linux カーネル第3版",
  publisher = "株式会社オライリー・ジャパン",
  year      = "2007"
}

@webpage{slack,
  author       = "{Slack Technologies, Inc.}",
  title        = "Slack",
  organization = "Slack",
  url          = "https://slack.com/",
  refdate      = "2018-4-20"
}

@webpage{googlemaps,
  author       = "{Google, Inc.}",
  title        = "Google Maps",
  organization = "Google",
  url          = "https://www.google.com/maps/about/",
  refdate      = "2018-4-24"
}

@webpage{placesapi,
  author       = "{Google, Inc.}",
  title        = "Google Places API",
  organization = "Google",
  url          = "https://developers.google.com/places/",
  refdate      = "2018-4-20"
}

@webpage{googleplace,
  author       = "{Google, Inc.}",
  title        = "Google My Business",
  organization = "Google",
  url          = "https://www.google.com/business/",
  refdate      = "2018-4-24"
}

@webpage{googleplus,
  author       = "{Google, Inc.}",
  title        = "Google+",
  organization = "Google",
  url          = "https://plus.google.com/about",
  refdate      = "2018-4-24"
}

@webpage{heroku,
  author       = "{Heroku}",
  title        = "Heroku",
  organization = "Salesforce.com, Inc.",
  url          = "https://www.heroku.com/about",
  refdate      = "2018-4-24"
}